@misc{
	laravelCite, 
	title={Laravel Contribution Guide}, 
	author={Otwell, Taylor}, 
	howpublished={\url{https://laravel.com/docs/4.2/contributions}}, 
	note={Accessed 10/1/2016}, 
}

@misc{
	googleCite, 
	title={Google HTML/CSS Style Guide}, 
	author={Google}, 
	howpublished={\url{https://google.github.io/styleguide/htmlcssguide.xml}}, 
	note={Accessed 10/1/2016}, 
}